@Book{Knuth:97,
  author = {Knuth, Donald E.},
  title = {The art of computer programming},
  volume = {1},
  publisher = {Addison-Wesley Longman Publishing Co., Inc.},
  edition = {3\textsuperscript{rd}},
  year = {1997},
}
